@mastersthesis{ref3,
author = {王成昊},
 title = {基于FPGA的低复杂度JPEG解码系统设计及实现},
school = {四川师范大学},
year = {2024}
}    

@mastersthesis{ref2,
author = {杜英杰},
 title = {基于FPGA的JPEG图像压缩的自适应量化编码},
school = {西华大学},
year = {2023}
}    

@mastersthesis{1024593315.nh,
author = {任昕泽},
 title = {基于FPGA的JPEG图像压缩算法的实现},
school = {中北大学},
year = {2024}
}    

@article{ref1,
author = {  赵恒阳 and 刘华},
title = {Baseline JPEG压缩器在Xilinx FPGA上的设计与实现},
journal = {电子设计工程},
volume = {22},
number = {20},
pages = {153-156},
year = {2014},
issn = {1674-6236},
doi = {10.14022/j.cnki.dzsjgc.2014.20.044}
}    

@mastersthesis{ref4,
author = {季永国},
 title = {基于FPGA硬件JPEG压缩器的无线胶囊内窥镜系统},
school = {上海交通大学},
year = {2015}
}    

@mastersthesis{ref5,
author = {涂友钢},
 title = {单兵夜视眼镜视频信号处理技术研究},
school = {南京理工大学},
year = {2019}
}    

@mastersthesis{ref6,
author = {董鑫怡},
 title = {不同应用场景下图像压缩方法的FPGA实现},
school = {南京理工大学},
year = {2023}
}    

@mastersthesis{ref7,
author = {郝亚喆},
 title = {基于高性能JPEG2000编码器的图像处理系统设计与实现},
school = {天津大学},
year = {2022}
}    

@mastersthesis{ref8,
author = {任静},
 title = {图像压缩编解码的FPGA设计与实现},
school = {南京林业大学},
year = {2020}
}    

@mastersthesis{ref9,
author = {刘多强},
 title = {高速图像压缩存储系统关键技术研究与实现},
school = {西南科技大学},
year = {2020}
}    

@inproceedings{ref10,
  title={Using dynamic reconfiguration to reduce the area of a JPEG decoder on FPGA},
  author={Rodrigues, Tiago and V{\'e}stias, M{\'a}rio},
  booktitle={2015 Euromicro Conference on Digital System Design},
  pages={65--71},
  year={2015},
  organization={IEEE}
}

@inproceedings{ref11,
  title={High performance JPEG decoder based on FPGA},
  author={Shan, Junming and Wang, Duyao and Yang, Eryan},
  booktitle={2011 Asia Pacific Conference on Postgraduate Research in Microelectronics \& Electronics},
  pages={57--60},
  year={2011},
  organization={IEEE}
}

@book{kung1982systolic,
  title={Why systolic architecture?},
  author={Kung, Hsiang-Tsung},
  year={1982},
  publisher={Design Research Center, Carnegie-Mellon University}
}

@article{chen1977fast,
  title={A fast computational algorithm for the discrete cosine transform},
  author={Chen, Wen-Hsiung and Smith, CH and Fralick, Sam},
  journal={IEEE Transactions on communications},
  volume={25},
  number={9},
  pages={1004--1009},
  year={1977},
  publisher={IEEE}
}

@mastersthesis{JFIF,
  author = {王成昊},
  title = {基于FPGA的低复杂度JPEG解码系统设计及实现},
  school = {四川师范大学},
  year = {2024}
}    

@book{rao2014discrete,
  title={Discrete cosine transform: algorithms, advantages, applications},
  author={Rao, K Ramamohan and Yip, Ping},
  year={2014},
  publisher={Academic press}
}

@book{pennebaker1992jpeg,
  title={JPEG: Still image data compression standard},
  author={Pennebaker, William B and Mitchell, Joan L},
  year={1992},
  publisher={Springer Science \& Business Media}
}

@inproceedings{teja2015verilog,
  title={Verilog implementation of fully pipelined and multiplierless 2D DCT/IDCT JPEG architecture},
  author={Teja, G Ravi and Sruthi, R Sri and Tomar, Kavita Singh and Sivanantham, S and Sivasankaran, K},
  booktitle={2015 Online International Conference on Green Engineering and Technologies (IC-GET)},
  pages={1--5},
  year={2015},
  organization={IEEE}
}

@mastersthesis{可重构,
author = {李丹青},
 title = {面向DCT和IDCT的可重构阵列设计与优化},
school = {东南大学},
year = {2019}
}

@book{2004vlsi数字信号处理系统,
  title={VLSI数字信号处理系统: 设计与实现},
  isbn={9787111141082},
  series={电子与电气工程丛书},
  url={https://books.google.com/books?id=3ONdAAAACAAJ},
  year={2004},
  publisher={机械工业出版社}
}

@article{ahmed2006discrete,
  title={Discrete cosine transform},
  author={Ahmed, Nasir and Natarajan, T\_ and Rao, Kamisetty R},
  journal={IEEE transactions on Computers},
  volume={100},
  number={1},
  pages={90--93},
  year={2006},
  publisher={IEEE}
}

@article{sze2014high,
  title={High efficiency video coding (HEVC)},
  author={Sze, Vivienne and Budagavi, Madhukar and Sullivan, Gary J},
  journal={Integrated circuit and systems, algorithms and architectures},
  volume={39},
  pages={40},
  year={2014},
  publisher={Springer}
}

@article{huffman1952method,
  title={A method for the construction of minimum-redundancy codes},
  author={Huffman, David A},
  journal={Proceedings of the IRE},
  volume={40},
  number={9},
  pages={1098--1101},
  year={1952},
  publisher={IEEE}
}

@mastersthesis{1022468688.nh,
author = {庞子安},
 title = {基于FPGA的JPEG2000编码器设计与实现},
school = {东南大学},
year = {2021}
}    
 
@book{数字图像处理MATLAB版本科教学版,
  title={数字图像处理MATLAB版本科教学版},
  isbn={9787121201974},
  series={电子工业出版社},
  year={2014},
  publisher={电子工业出版社}
}

@book{mano2020digital,
  title = {数字设计-Verilog HDL、VHDL和SystemVerilog实现},
  isbn={7121439077},
  author = {M. Morris Mano and Michael D. Ciletti},
  year = {2020},
  publisher = {电子工业出版社}
}

@mastersthesis{1019687658.nh,
author = {邱操},
 title = {高性能JPEG编解码系统的研究与设计},
school = {南京航空航天大学},
year = {2019}
}    

@mastersthesis{1020391053.nh,
author = {任静},
 title = {图像压缩编解码的FPGA设计与实现},
school = {南京林业大学},
year = {2020}
}    

@article{klein2003parallel,
  title={Parallel Huffman decoding with applications to JPEG files},
  author={Klein, Shmuel Tomi and Wiseman, Yair},
  journal={The Computer Journal},
  volume={46},
  number={5},
  pages={487--497},
  year={2003},
  publisher={Oxford University Press}
}

@article{chang2006direct,
  title={Direct mapping architecture for JPEG Huffman decoder},
  author={Chang, Y-W and Truong, T-K and Chang, Y},
  journal={IEE Proceedings-Communications},
  volume={153},
  number={3},
  pages={333--340},
  year={2006},
  publisher={IET}
}
